<record><leader>00000cas a22000007a 4500</leader><controlfield tag="001">12956970</controlfield><controlfield tag="008">851227d18541857gaudn ne      0    0eng d</controlfield><datafield ind1=" " ind2=" " tag="010"><subfield code="a">sn 85027105 </subfield></datafield><datafield ind1=" " ind2=" " tag="040"><subfield code="a">NPX</subfield><subfield code="b">eng</subfield><subfield code="c">NPX</subfield><subfield code="d">NLG</subfield><subfield code="d">GUA</subfield><subfield code="d">OCLCQ</subfield><subfield code="d">OCLCF</subfield><subfield code="d">OCLCO</subfield></datafield><datafield ind1="1" ind2=" " tag="029"><subfield code="a">AU@</subfield><subfield code="b">000025473772</subfield></datafield><datafield ind1=" " ind2=" " tag="042"><subfield code="a">msc</subfield></datafield><datafield ind1=" " ind2=" " tag="043"><subfield code="a">n-us-ga</subfield></datafield><datafield ind1="0" ind2="0" tag="245"><subfield code="a">Atlanta daily examiner.</subfield></datafield><datafield ind1="1" ind2="3" tag="246"><subfield code="a">Daily examiner</subfield></datafield><datafield ind1=" " ind2=" " tag="260"><subfield code="a">Atlanta, Ga. :</subfield><subfield code="b">William Kay,</subfield><subfield code="c">[1854-1857]</subfield></datafield><datafield ind1=" " ind2=" " tag="300"><subfield code="a">v.</subfield></datafield><datafield ind1=" " ind2=" " tag="310"><subfield code="a">Daily (except Sun.)</subfield></datafield><datafield ind1="1" ind2=" " tag="362"><subfield code="a">Began in 1854?</subfield></datafield><datafield ind1="1" ind2=" " tag="362"><subfield code="a">Ceased with Sept. 27, 1857 issue.</subfield><subfield code="z">Cf. Garrett, F.M. Atlanta and environs.</subfield></datafield><datafield ind1=" " ind2=" " tag="500"><subfield code="a">Publishers: William Kay, &lt;1854&gt;-1856; Timothy Burke, &lt;1856&gt;.</subfield></datafield><datafield ind1=" " ind2=" " tag="500"><subfield code="a">Published as: Daily examiner, July 7-&lt;Aug. 24&gt;, 1855.</subfield></datafield><datafield ind1=" " ind2=" " tag="500"><subfield code="a">Editors: John H. Steele, Charles L. Barbour, &lt;1854&gt;-1856; Charles L. Barbour, &lt;1856&gt;.</subfield></datafield><datafield ind1=" " ind2=" " tag="515"><subfield code="a">Called new ser., Vol. 1, no. 1 (July 12, 1857)-v. 1, no. 63 (Sept. 23, 1857).</subfield></datafield><datafield ind1=" " ind2=" " tag="580"><subfield code="a">Merged with: Atlanta daily intelligencer, to form: Atlanta daily intelligencer and examiner.</subfield></datafield><datafield ind1=" " ind2=" " tag="588"><subfield code="a">Description based on: Vol. 1, no. 19 (Dec. 18, 1854).</subfield></datafield><datafield ind1=" " ind2="0" tag="651"><subfield code="a">Atlanta (Ga.)</subfield><subfield code="v">Newspapers.</subfield></datafield><datafield ind1=" " ind2="0" tag="651"><subfield code="a">Fulton County (Ga.)</subfield><subfield code="v">Newspapers.</subfield></datafield><datafield ind1=" " ind2="7" tag="655"><subfield code="a">Newspapers.</subfield><subfield code="2">fast</subfield><subfield code="0">(OCoLC)fst01423814</subfield></datafield><datafield ind1=" " ind2="7" tag="651"><subfield code="a">Georgia</subfield><subfield code="z">Atlanta.</subfield><subfield code="2">fast</subfield><subfield code="0">(OCoLC)fst01204627</subfield></datafield><datafield ind1=" " ind2="7" tag="651"><subfield code="a">Georgia</subfield><subfield code="z">Fulton County.</subfield><subfield code="2">fast</subfield><subfield code="0">(OCoLC)fst01211153</subfield></datafield><datafield ind1=" " ind2=" " tag="752"><subfield code="a">United States</subfield><subfield code="b">Georgia</subfield><subfield code="c">Fulton</subfield><subfield code="d">Atlanta.</subfield></datafield><datafield ind1="0" ind2=" " tag="775"><subfield code="t">Atlanta weekly examiner</subfield><subfield code="w">(DLC)sn 90052349</subfield><subfield code="w">(OCoLC)21477870</subfield></datafield><datafield ind1="0" ind2="8" tag="776"><subfield code="i">Online version:</subfield><subfield code="t">Atlanta daily examiner</subfield><subfield code="w">(DLC)  2010233035</subfield><subfield code="w">(OCoLC)607530869</subfield></datafield><datafield ind1="0" ind2="0" tag="780"><subfield code="t">Tri-weekly examiner (Atlanta, Ga.)</subfield><subfield code="w">(DLC)sn 91099187</subfield><subfield code="w">(OCoLC)24771183</subfield></datafield><datafield ind1="0" ind2="7" tag="785"><subfield code="t">Atlanta daily intelligencer</subfield><subfield code="w">(DLC)sn 85027104</subfield><subfield code="w">(OCoLC)12956930</subfield></datafield><datafield ind1="0" ind2="7" tag="785"><subfield code="t">Atlanta daily intelligencer and examiner</subfield><subfield code="w">(DLC)sn 89053737</subfield><subfield code="w">(OCoLC)20942274</subfield></datafield></record>